<?xml version="1.0" encoding="UTF-8"?><record xmlns="http://www.loc.gov/MARC21/slim" xmlns:cinclude="http://apache.org/cocoon/include/1.0" xmlns:zs="http://www.loc.gov/zing/srw/">
  <leader>00446nz  a2200145n  4500</leader>
  <controlfield tag="001">no 95043947 </controlfield>
  <controlfield tag="003">DLC</controlfield>
  <controlfield tag="005">19950916055309.6</controlfield>
  <controlfield tag="008">950915n| acannaab|          |n aaa     c</controlfield>
  <datafield tag="010" ind1=" " ind2=" ">
    <subfield code="a">no 95043947 </subfield>
  </datafield>
  <datafield tag="035" ind1=" " ind2=" ">
    <subfield code="a">(OCoLC)oca03919078 </subfield>
  </datafield>
  <datafield tag="040" ind1=" " ind2=" ">
    <subfield code="a">OCoLC</subfield>
    <subfield code="c">OCoLC</subfield>
  </datafield>
  <datafield tag="100" ind1="1" ind2="0">
    <subfield code="a">Puebla, Carlos</subfield>
  </datafield>
  <datafield tag="670" ind1=" " ind2=" ">
    <subfield code="a">OCLC 22696238: Carlos Puebla y sus Tradicionales, 197-?</subfield>
    <subfield code="b">(hdg.: Puebla, Carlos)</subfield>
  </datafield>
  <datafield tag="670" ind1=" " ind2=" ">
    <subfield code="a">LC in OCLC, 9/15/95</subfield>
    <subfield code="b">(Puebla, Carlos; usage: Carlos Puebla)</subfield>
  </datafield>
</record>